@INPROCEEDINGS{5981569,
  author={Voyles, Richard M. and Povilus, Sam and Mangharam, Rahul and Li, Kang},
  booktitle={2010 IEEE Safety Security and Rescue Robotics}, 
  title={RecoNode: A reconfigurable node for heterogeneous multi-robot search and rescue}, 
  year={2010},
  volume={},
  number={},
  pages={1-7},
  keywords={Robot sensing systems;Wireless sensor networks;Field programmable gate arrays;Wireless communication;Hardware;Crawlers},
  doi={10.1109/SSRR.2010.5981569}}
