@inproceedings{RecoNode,
	author={Voyles, Richard M. and Povilus, Sam and Mangharam, Rahul and Li, Kang},
	booktitle={2010 IEEE Safety Security and Rescue Robotics}, 
	title={RecoNode: A reconfigurable node for heterogeneous multi-robot search and rescue}, 
	year={2010},
	pages={1-7},
	doi={10.1109/SSRR.2010.5981569}
}
